<record><leader>00000cas a22000007a 4500</leader><controlfield tag="001">60423351</controlfield><controlfield tag="008">050523c20049999couwr ne      0   a0eng c</controlfield><datafield ind1=" " ind2=" " tag="010"><subfield code="a">  2005213960</subfield></datafield><datafield ind1=" " ind2=" " tag="040"><subfield code="a">NSD</subfield><subfield code="b">eng</subfield><subfield code="c">NSD</subfield><subfield code="d">NSD</subfield><subfield code="d">OCLCQ</subfield></datafield><datafield ind1=" " ind2=" " tag="012"><subfield code="l">1</subfield><subfield code="m">0</subfield></datafield><datafield ind1="1" ind2=" " tag="022"><subfield code="a">1556-1585</subfield><subfield code="l">1556-1585</subfield><subfield code="2">1</subfield></datafield><datafield ind1=" " ind2=" " tag="037"><subfield code="b">Berthoud Weekly Surveyor, P.O. Box 1098, Berthoud, CO 80513</subfield></datafield><datafield ind1=" " ind2=" " tag="042"><subfield code="a">nsdp</subfield><subfield code="a">pcc</subfield></datafield><datafield ind1="1" ind2="0" tag="050"><subfield code="a">ISSN RECORD</subfield></datafield><datafield ind1=" " ind2="0" tag="222"><subfield code="a">Berthoud weekly surveyor</subfield></datafield><datafield ind1="0" ind2="0" tag="245"><subfield code="a">Berthoud weekly surveyor.</subfield></datafield><datafield ind1="1" ind2="7" tag="246"><subfield code="a">Surveyor</subfield></datafield><datafield ind1=" " ind2=" " tag="260"><subfield code="a">Berthoud, Colo. :</subfield><subfield code="b">R. Justice</subfield></datafield><datafield ind1=" " ind2=" " tag="300"><subfield code="a">v.</subfield></datafield><datafield ind1=" " ind2=" " tag="310"><subfield code="a">Weekly</subfield></datafield><datafield ind1="1" ind2=" " tag="362"><subfield code="a">Began in June 16. 2004.</subfield></datafield><datafield ind1=" " ind2=" " tag="588"><subfield code="a">Description based on: Vol. 2, no. 16 (Apr. 20, 2005).</subfield></datafield><datafield ind1=" " ind2=" " tag="752"><subfield code="a">United States</subfield><subfield code="b">Colorado</subfield><subfield code="c">Larimer</subfield><subfield code="d">Berthoud.</subfield></datafield><datafield ind1="1" ind2=" " tag="029"><subfield code="a">AU@</subfield><subfield code="b">000027182971</subfield></datafield></record>